<record><leader>00000cas a22000007a 4500</leader><controlfield tag="001">31164434</controlfield><controlfield tag="008">940923c19949999mauwr ne      0   a0eng c</controlfield><datafield ind1=" " ind2=" " tag="010"><subfield code="a">sn 94000992 </subfield></datafield><datafield ind1=" " ind2=" " tag="040"><subfield code="a">NSD</subfield><subfield code="b">eng</subfield><subfield code="c">NSD</subfield><subfield code="d">MGN</subfield><subfield code="d">OCLCQ</subfield></datafield><datafield ind1=" " ind2=" " tag="012"><subfield code="m">1</subfield></datafield><datafield ind1="1" ind2=" " tag="022"><subfield code="a">1078-6864</subfield><subfield code="l">1078-6864</subfield><subfield code="2">1</subfield></datafield><datafield ind1=" " ind2=" " tag="032"><subfield code="a">009687</subfield><subfield code="b">USPS</subfield></datafield><datafield ind1=" " ind2=" " tag="037"><subfield code="b">Boston Neighborhood News, 304 Neponset Ave., Dorchester, MA 02122</subfield></datafield><datafield ind1=" " ind2=" " tag="042"><subfield code="a">nsdp</subfield><subfield code="a">pcc</subfield></datafield><datafield ind1=" " ind2="4" tag="222"><subfield code="a">The Dorchester reporter</subfield></datafield><datafield ind1="0" ind2="4" tag="245"><subfield code="a">The Dorchester reporter.</subfield></datafield><datafield ind1=" " ind2=" " tag="260"><subfield code="a">Dorchester [Boston], Mass. :</subfield><subfield code="b">Boston Neighborhood News</subfield></datafield><datafield ind1=" " ind2=" " tag="300"><subfield code="a">v.</subfield></datafield><datafield ind1=" " ind2=" " tag="310"><subfield code="a">Weekly</subfield></datafield><datafield ind1="0" ind2=" " tag="362"><subfield code="a">Vol. 12, issue #19 (May 7, 1994)-</subfield></datafield><datafield ind1=" " ind2=" " tag="752"><subfield code="a">United States</subfield><subfield code="b">Massachusetts</subfield><subfield code="c">Suffolk</subfield><subfield code="d">Boston.</subfield></datafield><datafield ind1=" " ind2=" " tag="752"><subfield code="a">United States</subfield><subfield code="b">Massachusetts</subfield><subfield code="c">Suffolk</subfield><subfield code="d">Dorchester.</subfield></datafield><datafield ind1="0" ind2="0" tag="780"><subfield code="t">Reporter (Boston, Mass. : 1983)</subfield><subfield code="x">1068-4387</subfield><subfield code="w">(DLC)sn 91058153</subfield></datafield></record>